@PREAMBLE{
 "\providecommand{\noopsort}[1]{}" 
 # "\providecommand{\singleletter}[1]{#1}%" 
}


@ARTICLE{Blasiak.Londergan.Webb.Cho.ACR.2017,
author = {Błasiak, Bartosz and Londergan, Casey H. and Webb, Lauren J. and Cho, Minhaeng},
title = {Vibrational Probes: From Small Molecule Solvatochromism Theory and Experiments to Applications in Complex Systems},
journal = "Acc.\ Chem.\ Res.",
volume = {50},
number = {4},
pages = {968-976},
year = {2017},
}


@ARTICLE{List.Olsen.Kongsted.PCCP.2016,
author ="List, Nanna Holmgaard and Olsen, Jogvan Magnus Haugaard and Kongsted, Jacob",
title  ="Excited states in large molecular systems through polarizable embedding",
journal  = "Phys.\ Chem.\ Chem.\ Phys.",
year  ="2016",
volume  ="18",
issue  ="30",
pages  ="20234-20250",
}


@ARTICLE{Bednarska.Zalesny.Tian.Murugan.Agren.Bartkowiak.Molecules.2017,
AUTHOR = {Bednarska, Joanna and Zale{\'s}ny, Robert and Tian, Guangjun and Murugan, Natarajan Arul and {\AA}gren, Hans and Bartkowiak, Wojciech},
TITLE = {Nonempirical Simulations of Inhomogeneous Broadening of Electronic Transitions in Solution: Predicting Band Shapes in One- and Two-Photon Absorption Spectra of Chalcones},
JOURNAL = {Molecules},
VOLUME = {22},
YEAR = {2017},
NUMBER = {10},
pages = {1643},
}


@ARTICLE{Nguyen.Pachter.Day.JCP.2014,
   author = "Nguyen, Kiet A. and Pachter, Ruth and Day, Paul N.",
   title = "Density functional theory based generalized effective fragment potential method",
   journal = "J.\ Chem.\ Phys.",
   year = "2014",
   volume = "140",
   number = "24", 
   eid = 244101,
}

@ARTICLE{Gordon.Smith.Xu.Slipchenko.AnnuRevPhysChem.2013,
author = {Mark S. Gordon and Quentin A. Smith and Peng Xu and Lyudmila V. Slipchenko},
title = {Accurate First Principles Model Potentials for Intermolecular Interactions},
journal = "Annu.\ Rev.\ Phys.\ Chem.",
volume = {64},
number = {1},
pages = {553-578},
year = {2013},
}


@ARTICLE{Jedrzejewska.Grabarz.Bartkowiak.Osmialowski.SpectChimActA.2018,
title = "Spectral and physicochemical properties of difluoroboranyls containing N,N-dimethylamino group studied by solvatochromic methods",
journal = "Spectrochim.\ Acta\ A",
volume = "199",
pages = "86 - 95",
year = "2018",
author = "Beata Jedrzejewska and Anna Grabarz and Wojciech Bartkowiak and Borys O{\'s}mia{\l}owski",
}

@ARTICLE{Barbati.JACS.2014,
author = {Barbatti, Mario},
title = {Photorelaxation Induced by Water-Chromophore Electron Transfer},
journal = "J.\ Am.\ Chem.\ Soc.",
volume = {136},
number = {29},
pages = {10246-10249},
year = {2014},
}

@ARTICLE{Szabla.Sponer.Jiri.Gora.JPCL.2015,
author = {Szabla, Rafa{\l} and \v{S}poner, Ji\v{r}{\'i} and G{\'o}ra, Robert W.},
title = {Electron-Driven Proton Transfer Along H2O Wires Enables Photorelaxation of $\pi\sigma$* States in Chromophore-Water Clusters},
journal = "J.\ Phys.\ Chem.\ Lett.",
volume = {6},
number = {8},
pages = {1467-1471},
year = {2015},
}


@article{Jeziorski.Moszynski.Szalewicz.ChemRev.1994,
author = {Jeziorski, Bogumi{\l} and Moszy{\'n}ski, Robert and Szalewicz, Krzysztof},
title = {Perturbation Theory Approach to Intermolecular Potential Energy Surfaces of van der Waals Complexes},
journal = {Chem.\ Rev.},
volume = {94},
number = {7},
pages = {1887-1930},
year = {1994},
}


@ARTICLE{Hedegard.Reiher.JCTC.2016,
author = {Hedeg\r{a}rd, Erik D. and Reiher, Markus},
title = {Polarizable Embedding Density Matrix Renormalization Group},
journal = "J.\ Chem.\ Theory\ Comput.",
volume = {12},
number = {9},
pages = {4242-4253},
year = {2016},
} 


@ARTICLE{Tomasi.Mennucci.Cammi.ChemRev.2005,
author = {Tomasi, Jacopo and Mennucci, Benedetta and Cammi, Roberto},
title = {Quantum Mechanical Continuum Solvation Models},
journal = "Chem.\ Rev.",
volume = {105},
number = {8},
pages = {2999-3094},
year = {2005},
}


@ARTICLE{Senn.Thiel.Angew.2009,
author = {Senn Hans Martin and Thiel Walter},
title = {QM/MM Methods for Biomolecular Systems},
journal = {Angew.\ Chem.\ Int.\ Ed.},
volume = {48},
number = {7},
pages = {1198-1229},
year = {2009}
}


@ARTICLE{Warshel.Levitt.JMolBiol.1976,
title = "Theoretical studies of enzymic reactions: Dielectric, electrostatic and steric stabilization of the carbonium ion in the reaction of lysozyme",
journal = "J.\ Mol.\ Biol.",
volume = "103",
number = "2",
pages = "227 - 249",
year = "1976",
author = "A. Warshel and M. Levitt"
}

@ARTICLE{Gordon.Fedorov.Pruitt.Slipchenko.ChemRev.2012,
author = {Mark S. Gordon and Dmitri G. Fedorov and Spencer R. Pruitt and Lyudmila V. Slipchenko},
title = {Fragmentation Methods: A Route to Accurate Calculations on Large Systems},
journal = "Chem.\ Rev.",
volume = {112},
number = {1},
pages = {632-672},
year = {2012},
}


@ARTICLE{Piquemal.Cisneros.Reinhardt.Gresh.Darden.JCP.2006,
   author = "Piquemal, Jean-Philip and Cisneros, G. Andr{\'e}s and Reinhardt, Peter and Gresh, Nohad and Darden, Thomas A.",
   title = "Towards a force field based on density fitting",
   journal = "J.\ Chem.\ Phys.",
   year = "2006",
   volume = "124",
   number = "10", 
   eid = 104101,
}


@ARTICLE{Sun.Chan.ACR.2016,
author = {Sun, Qiming and Chan, Garnet Kin-Lic},
title = {Quantum Embedding Theories},
journal = {Acc.\ Chem.\ Res.},
volume = {49},
number = {12},
pages = {2705-2712},
year = {2016},
}


@ARTICLE{Holas.March.PhysRevA.1991,
  title = {Construction of the Pauli potential, Pauli energy, and effective potential from the electron density},
  author = {Holas, A. and March, N. H.},
  journal = "Phys.\ Rev.\ A",
  volume = {44},
  issue = {9},
  pages = {5521--5536},
  year = {1991},
}

@ARTICLE{Mayer.IJQC.2002,
author = {Mayer I.},
title = "On {L}{\"o}wdin's method of symmetric orthogonalization",
journal = "Int\ J.\ Quantum\ Chem.",
volume = {90},
number = {1},
pages = {63-65},
year = {2002}
}

@ARTICLE{Boys.RevModPhys.1960,
  title = {Construction of Some Molecular Orbitals to Be Approximately Invariant for Changes from One Molecule to Another},
  author = {Boys, S. F.},
  journal = {Rev.\ Mod.\ Phys.},
  volume = {32},
  pages = {296--299},
  year = {1960},
  month = {Apr},
}


@ARTICLE{Blasiak.Cho.JCP.2014,
   author = "B{\l}asiak, Bartosz and Cho, Minhaeng",
   title = "Vibrational solvatochromism. II. A first-principle theory of solvation-induced vibrational frequency shift based on effective fragment potential method",
   journal = "J.\ Chem.\ Phys.",
   year = "2014",
   volume = "140",
   number = "16", 
   pages = "164107",
}

@ARTICLE{Psi4.2012,
author = {Turney, Justin M. and Simmonett, Andrew C. and Parrish, Robert M. and Hohenstein, Edward G. and Evangelista, Francesco A. and Fermann, Justin T. and Mintz, Benjamin J. and Burns, Lori A. and Wilke, Jeremiah J. and Abrams, Micah L. and Russ, Nicholas J. and Leininger, Matthew L. and Janssen, Curtis L. and Seidl, Edward T. and Allen, Wesley D. and Schaefer, Henry F. and King, Rollin A. and Valeev, Edward F. and Sherrill, C. David and Crawford, T. Daniel},
journal = {WIREs\ Comput.\ Mol.\ Sci.},
volume = {2},
number = {4},
pages = {556-565},
doi = {10.1002/wcms.93},
}

@ARTICLE{Psi4.JCTC.2017,
author = {Parrish, Robert M. and Burns, Lori A. and Smith, Daniel G. A. and Simmonett, Andrew C. and DePrince, A. Eugene and Hohenstein, Edward G. and Bozkaya, Uğur and Sokolov, Alexander Yu. and Di Remigio, Roberto and Richard, Ryan M. and Gonthier, Jérôme F. and James, Andrew M. and McAlexander, Harley R. and Kumar, Ashutosh and Saitow, Masaaki and Wang, Xiao and Pritchard, Benjamin P. and Verma, Prakash and Schaefer, Henry F. and Patkowski, Konrad and King, Rollin A. and Valeev, Edward F. and Evangelista, Francesco A. and Turney, Justin M. and Crawford, T. Daniel and Sherrill, C. David},
title = {Psi4 1.1: An Open-Source Electronic Structure Program Emphasizing Automation, Advanced Libraries, and Interoperability},
journal = {J.\ Chem.\ Theory Comput.},
volume = {13},
number = {7},
pages = {3185-3197},
year = {2017},
}

@ARTICLE{Reischl.Kofinger.Dellago.MolPhys.2009,
author = {Bernhard   Reischl  and  J{\"u}rgen   K{\"o}finger  and  Christoph   Dellago},
title = {The statistics of electric field fluctuations in liquid water},
journal = "Mol.\ Phys.",
volume = {107},
number = {4-6},
pages = {495-502},
year  = {2009},
doi = {10.1080/00268970902865493},
}

@ARTICLE{Fried.Wang.Boxer.Ren.Pande.JPCB.2013,
author = {Fried, Stephen D. and Wang, Lee-Ping and Boxer, Steven G. and Ren, Pengyu and Pande, Vijay S.},
title = {Calculations of the Electric Fields in Liquid Solutions},
journal = "J.\ Phys.\ Chem.\ B",
volume = {117},
number = {50},
pages = {16236-16248},
year = {2013},
}

@ARTICLE{Horn.Head-Gordon.JCP.2015,
   author = "Horn, Paul R. and Head-Gordon, Martin",
   title = "Polarization contributions to intermolecular interactions revisited with fragment electric-field response functions",
   journal = "J.\ Chem.\ Phys.",
   year = "2015",
   volume = "143",
   number = "11", 
   eid = 114111,
}

@ARTICLE{Horn.Yuezhi.Head-Gordon.JCP.2016,
   author = "Horn, Paul R. and Mao, Yuezhi and Head-Gordon, Martin",
   title = "Defining the contributions of permanent electrostatics, Pauli repulsion, and dispersion in density functional theory calculations of intermolecular interaction energies",
   journal = "J.\ Chem.\ Phys.",
   year = "2016",
   volume = "144",
   number = "11", 
   eid = 114107,
}


@ARTICLE{McWeeny.RevModPhys.1960,
   author = "R. McWeeny",
   year   = 1960,
   journal= "Rev.\ Mod.\ Phys.",
   volume = 32,
   pages  = 335,
   title = {Some Recent Advances in Density Matrix Theory},
}

@ARTICLE{Mandado.Hermida-Ramon.JCTC.2011,
author = {Marcos Mandado and Jos{\'e} M. Hermida-Ram{\'o}n},
title = {Electron Density Based Partitioning Scheme of Interaction Energies},
journal = "J.\ Chem.\ Theory Comput.",
volume = {7},
number = {3},
pages = {633--641},
year = {2011},
}


@ARTICLE{Dodds.McWeeney.Sadlej.MolPhys.1977,
author = { Janet L.   Dodds  and  Roy   McWeeny  and  Andrzej J.   Sadlej },
title = {Self-consistent perturbation theory},
journal = "Mol.\ Phys.",
volume = {34},
number = {6},
pages = {1779-1791},
year  = {1977},
}


@ARTICLE{Roothaan.RevModPhys.1951,
  title = {New Developments in Molecular Orbital Theory},
  author = {Roothaan, C. C. J.},
  journal = "Rev.\ Mod.\ Phys.",
  volume = {23},
  issue = {2},
  pages = {69--89},
  year = {1951},
}
@ARTICLE{Krishnan.Binkley.Seeger.Pople.JCP.1980,
   author = "Krishnan, R. and Binkley, J. S. and Seeger, R. and Pople, J. A.",
   title = "Self‐consistent molecular orbital methods. XX. A basis set for correlated wave functions",
   journal = "J.\ Chem.\ Phys.",
   year = "1980",
   volume = "72",
   number = "1", 
   pages = "650-654",
}


@ARTICLE{Boyd.JEngMath.2006,
   author = "J. P. Boyd",
   year   = 2006,
   journal= "J.\ Eng.\ Math.",
   volume = 56,
   pages  = 203,
}

@BOOK{Bire82,
   author       = {N. D. Birell and P. C. W. Davies},
   year         = 1982,
   title        = {Quantum Fields in Curved Space},
   publisher    = {Cambridge University Press}
}

@ARTICLE{feyn54,
   author       = "R. P. Feynman",
   year         = "1954",
   journal      = "Phys.\ Rev.",
   volume       = "94",
   pages        = "262",
}

@ARTICLE{epr,
   author       = "A. Einstein and {\relax Yu} Podolsky and N. Rosen", 
   year         = "1935", 
   journal      = "Phys.\ Rev.", 
   volume       = "47", 
   pages        = "777",
}

@ARTICLE{Berman1983,
   author       = "Berman, Jr., G. P. and Izrailev, Jr., F. M.",
   title        = "Stability of nonlinear modes",
   journal      = "Physica D",
   volume       = "88", 
   pages        = "445",
   year         = "1983",
}

@ARTICLE{Davies1998,
   author       = "E. B. Davies and L. Parns", 
   title        = "Trapped modes in acoustic waveguides", 
   journal      = "Q. J. Mech. Appl. Math.", 
   volume       = "51", 
   pages        = "477--492", 
   year         = "1988", 
}

@MISC{witten2001,
   author       = "Edward Witten",
   eprint       = "hep-th/0106109",
   year         = "2001", 
}

@INBOOK{Beutler1994,
   author       = "E. Beutler", 
   editor       = "E. Beutler and M. A. Lichtman and B. W. Coller and T. S. Kipps", 
   title        = "Williams Hematology", 
   chapter      = "7", 
   pages        = "654--662",
   publisher    = "McGraw-Hill", 
   year         = "1994", 

   edition      = "5", 
   address      = "New York", 
   volume       = "2", 
}

@INBOOK{inbook-full,
   author = "Donald E. Knuth",
   title = "Fundamental Algorithms",
   volume = 1,
   series = "The Art of Computer Programming",
   publisher = "Addison-Wesley",
   address = "Reading, Massachusetts",
   edition = "Second",
   month = "10~" # jan,
   year = "\noopsort{1973b}1973",
   type = "Section",
   chapter = "1.2",
   pages = "10--119",
   note = "A full INBOOK entry",
}

@ARTICLE{Smith2005,
   author       = "J. S. Smith and G. W. Johnson", 
   journal      = "Philos. Trans. R. Soc. London, Ser. B", 
   title        = "", 
   year         = "2005", 

   volume       = "777", 
   pages        = "1395",
}

@UNPUBLISHED{Smith2010,
   author       = "W. J. Smith and T. J. Johnson and B. G. Miller", 
   title        = "Surface chemistry and preferential crystal orientation on a silicon surface", 
   note         = "{J. Appl. Phys.} (unpublished)", 
   
   month        = "", 
   year         = "",
}

@UNPUBLISHED{Smith2010a,
   author       = "V. K. Smith and K. Johnson and M. O. Klein", 
   title        = "Surface chemistry and preferential crystal orientation on a silicon surface", 
   note         = "{J. Appl. Phys.} (submitted)", 
   
   month        = "", 
   year         = "",
}

@UNPUBLISHED{unpublished-full,
   author = "Ulrich {\"{U}}nderwood and Ned {\~N}et and Paul {\={P}}ot",
   title = "Lower Bounds for Wishful Research Results",
   month = nov # ", " # dec,
   year = 1988,
   note = "Talk at Fanstord University (A full UNPUBLISHED entry)",
}

@MISC{JohnsonMillerSmith2007, 

   author       = "M. P. Johnson and K. L. Miller and K. Smith", 
   title        = "", 
   howpublished = "personal communication", 
   month        = "1~" # may, 
   year         = "2007", 
   note         = "",
}

@PROCEEDINGS{Smith2007, 
   title        = "AIP Conf. Proc.", 
   year         = "2007", 
   
   editor       = "J. Smith", 
   volume       = "841", 
   number       = "21", 
   series       = "", 
   address      = "", 
   month        = "", 
   organization = "", 
   publisher    = "", 
   note         = "", 
}

@PROCEEDINGS{proceedings-full,
   editor = "Wizard V. Oz and Mihalis Yannakakis",
   title = "Proc. Fifteenth Annual",
   number = 17,
   series = "All ACM Conferences",
   month = mar,
   year = 1983,
   address = "Boston",
   organization = "ACM",
   publisher = "Academic Press",
   note = "A full PROCEEDINGS entry",
}

@UNPUBLISHED{Burstyn2004,
   author       = "Y. Burstyn", 
   title        = "{Proceedings of the 5th International Molecular Beam Epitaxy Conference, Santa Fe, NM}", 
   note         = "(unpublished)", 
   
   month        = "5--8~" # oct, 
   year         = "2004",
}

@PROCEEDINGS{Quinn2001, 
   title        = "{Proceedings of the 2003 Particle  Accelerator Conference, Portland, OR, 12-16 May 2005}", 
   year         = "2001", 
   
   editor       = "B. Quinn", 
   address      = "New York", 
   publisher    = "Wiley", 
   note         = "Albeit the conference was held in 2005, it was the 2003 conference, and  the proceedings were published in 2001; go figure", 
}

@ARTICLE{Agarwal2001,
   author       = "A. G. Agarwal", 
   title        = "{Proceedings of the Fifth Low Temperature Conference, Madison, WI, 1999}", 
   journal      = "Semiconductors", 
   year         = "2001", 

   volume       = "66", 
   pages        = "1238", 
}

@ARTICLE{SmithDA01,
   author       = "R. Smith",
   title        = "Hummingbirds are our friends",
   journal      = {J. Appl. Phys. (these proceedings)},
   year         = "",
   volume       = "",
   number       = "",
   pages        = "",
   month        = "",
   note         = "Abstract No. DA-01",
}

@ARTICLE{Smith2007a, 
   author       = "J. Smith", 
   title        = "", 
   journal      = "Proc. SPIE", 
   year         = "2007", 

   volume       = "124", 
   pages        = "367", 
   note         = "Required title is missing", 
}

@TECHREPORT{techreport-full,
   author = "Tom T{\'{e}}rrific",
   title = "An {$O(n \log n / \! \log\log n)$} Sorting Algorithm",
   institution = "Fanstord University",
   type = "Wishful Research Result",
   number = "7",
   address = "Computer Science Department, Fanstord, California",
   month = oct,
   year = 1988,
   note = "A full TECHREPORT entry",
}

@TECHREPORT{Nelson1999, 
   author       = "J. Nelson", 
   type         = "{TWI Report}", 
   number       = "666/1999",
   institution  = "", 
   year         = jan # "~1999", 
   
   note         = "Required institution missing", 
}

@TECHREPORT{Fields2005, 
   author       = "W. K. Fields", 
   type         = "{ECE Report No.}", 
   number       = "AL944",
   institution  = "", 
   year         = "2005", 
   
   note         = "Required institution missing", 
}

@MISC{Zalkins2008, 

   author       = "Y. M. Zalkins", 
   title        = "", 
   howpublished = "e-print arXiv:cond-mat/040426", 
   month        = "", 
   year         = "2008", 
   note         = "",
}

@MISC{Nelson2005, 

   author       = "J. Nelson", 
   howpublished = "{U.S. Patent No.} 5,693,000", 
   year         = "12~" # dec # "~2005", 
}

@MASTERSTHESIS{Nelson1999a,
   author       = "J. K. Nelson", 
   title        = "", 
   school       = "New York University", 
   year         = "1999", 
   
   type         = "M.{S}. thesis", 
   address      = "", 
   month        = "", 
   note         = "", 
}

@MASTERSTHESIS{mastersthesis-full,
   author = "{\'{E}}douard Masterly",
   title = "Mastering Thesis Writing",
   school = "Stanford University",
   type = "Master's project",
   address = "English Department",
   month = jun # "-" # aug,
   year = 1988,
   note = "A full MASTERSTHESIS entry",
}

@PHDTHESIS{Smith2003,
   author       = "S. M. Smith", 
   title        = "", 
   school       = "Massachusetts Institute of  Technology", 
   year         = "2003", 
   
   type         = "{Ph.D.} thesis", 
   address      = "", 
   month        = "", 
   note         = "", 
}

@ARTICLE{KawaLin2003,
   author       = "S. R. Kawa and S.-J. Lin", 
   title        = "", 
   journal      = "J. Geophys. Res.", 
   year         = "2003", 

   volume       = "108", 
   number       = "D6", 
   pages        = "4201", 
   month        = "", 
   note         = "{DOI:10.1029/2002JD002268}", 
}

@PHDTHESIS{phdthesis-full,
   author = "F. Phidias Phony-Baloney",
   title = "Fighting Fire with Fire: Festooning {F}rench Phrases",
   school = "Fanstord University",
   type = "{PhD} Dissertation",
   address = "Department of French",
   month = jun # "-" # aug,
   year = 1988,
   note = "A full PHDTHESIS entry",
}

@BOOK{book-full,
   author = "Donald E. Knuth",
   title = "Seminumerical Algorithms",
   volume = 2,
   series = "The Art of Computer Programming",
   publisher = "Addison-Wesley",
   address = "Reading, Massachusetts",
   edition = "Second",
   month = "10~" # jan,
   year = "\noopsort{1973c}1981",
   note = "A full BOOK entry",
}

@BOOKLET{booklet-full,
   author = "Jill C. Knvth",
   title = "The Programming of Computer Art",
   howpublished = "Vernier Art Center",
   address = "Stanford, California",
   month = feb,
   year = 1988,
   note = "A full BOOKLET entry",
}

@INBOOK{ballagh2000,
   author    = "R. Ballagh and C.M. Savage",
   editor    = "C.M. Savage and M. Das",
   title     = "Bose-Einstein condensation: from atomic physics to quantum fluids, Proceedings of the 13th Physics Summer School",
   year      = "2000",
   publisher = "World Scientific",
   address   = "Singapore",
   eprint    = "cond-mat/0008070",
}

@inBook{Magnetism,
   author    = "W. Opechowski and R. Guccione",
   title     = "Introduction to the Theory of Normal Metals",
   volume    = "IIa",
   pages     = "105",
   editor    = "G. T. Rado and H. Suhl",
   booktitle = "Magnetism",
   publisher = "Academic Press",
   address   = "New York",
}
   year      = "1965",

@INPROCEEDINGS{Magnetismb,
   author    = "W. Opechowski and R. Guccione",
   title     = "Introduction to the Theory of Normal Metals",
   editor    = "G. T. Rado and H. Suhl",
   booktitle = "Magnetism",
   volume    = "IIa",
   pages     = "105",
   publisher = "Academic Press",
   address   = "New York",
   year      = "1965",
}

@INBOOK{Smith80,
   author    = "J. M. Smith",
   title     = "Molecular Dynamics",
   publisher = "Academic",
   year      = "1980",
   address   = "New York",
   editor    = "C. Brown",
}

@article{ZS71,
   author       = "V. E. Zakharov and A. B. Shabat",
   year         = "1971",
   title        = "Exact theory of two-dimensional self-focusing and one-dimensional self-modulation of waves in nonlinear media",
   journal      = "Zh. Eksp. Teor. Fiz.",
   volume       = "61",
   pages        = "118--134",
   translation  = "Sov. Phys. JETP \textbf{34}, 62 (1972)"
}

@INCOLLECTION{Beutler1994a,
   author       = "E. Beutler", 
   year         = "1994", 
   booktitle    = "Williams Hematology", 
   edition      = "5", 
   chapter      = "7", 
   editor       = "E. Beutler and M. A. Lichtman and B. W. Coller and T. S. Kipps", 
   publisher    = "McGraw-Hill", 
   address      = "New York", 
   volume       = "2", 
   pages        = "654--662",
}

@INCOLLECTION{ballagh2000a,
   author       = "R. Ballagh and C.M. Savage",
   year         = "2000",
   title        = "Bose-Einstein condensation: from atomic physics to quantum fluids",
   booktitle    = "Proceedings of the 13th Physics Summer School",
   editor       = "C.M. Savage and M. Das",
   publisher    = "World Scientific",
   address      = "Singapore",
   eprint       = "cond-mat/0008070",
}

@INCOLLECTION{Magnetisma,
   author       = "W. Opechowski and R. Guccione",
   year         = "1965",
   title        = "Introduction to the Theory of Normal Metals",
   booktitle    = "Magnetism",
   editor       = "G. T. Rado and H. Suhl",
   publisher    = "Academic Press",
   address      = "New York",
   volume       = "IIa",
   pages        = "105",
}

@INCOLLECTION{Smith80a,
   author       = "J. M. Smith",
   year         = "1980",
   booktitle    = "Molecular Dynamics",
   editor       = "C. Brown",
   publisher    = "Academic",
   address      = "New York",
}

@INCOLLECTION{incollection-full,
   key          = "incol-ful",
   author       = "Daniel D. Lincoll",
   year         = 1977,
   title        = "Semigroups of Recurrences",
   booktitle    = "High Speed Computer and Algorithm Organization",
   edition      = "Third",
   series       = "Fast Computers",
   number       = 23,
   chapter      = 3,
   type         = "Part",
   editor       = "David J. Lipcoll and D. H. Lawrie and A. H. Sameh",
   publisher    = "Academic Press",
   address      = "New York",
   month        = sep,
   pages        = "179--183",
   note         = "A full INCOLLECTION entry",
}

@INPROCEEDINGS{inproceedings-full,
   author = "Alfred V. Oaho and Jeffrey D. Ullman and Mihalis Yannakakis",
   title = "On Notions of Information Transfer in {VLSI} Circuits",
   editor = "Wizard V. Oz and Mihalis Yannakakis",
   booktitle = "Proc. Fifteenth Annual ACM",
   number = 17,
   series = "All ACM Conferences",
   pages = "133--139",
   month = mar,
   year = 1983,
   address = "Boston",
   organization = "ACM",
   publisher = "Academic Press",
   note = "A full INPROCEDINGS entry",
}

@MANUAL{manual-full,
   author = "Larry Manmaker",
   title = "The Definitive Computer Manual",
   organization = "Chips-R-Us",
   address = "Silicon Valley",
   edition = "Silver",
   month = apr # "-" # may,
   year = 1986,
   note = "A full MANUAL entry",
}



