@PREAMBLE{
 "\providecommand{\noopsort}[1]{}" 
 # "\providecommand{\singleletter}[1]{#1}%" 
}

@article{Sokalski.Poirier.CPL.1983,
	title = {Cumulative atomic multipole representation of the molecular charge distribution and its basis set dependence},
	volume = {98},
	issn = {0009-2614},
	url = {http://www.sciencedirect.com/science/article/pii/0009261483802085},
	number = {1},
	journal = {Chem.\ Phys.\ Lett.},
	author = {Sokalski, W.Andrzej and Poirier, R.A.},
	year = {1983},
	pages = {86--92}
}

@article{Etchebest.Lavery.Pullman.TheorChimActa.1982,
	title = {The calculation of molecular electrostatic potential from a multipole expansion based on localized orbitals and developed at their centroids: Accuracy and applicability for macromolecular computations},
	volume = {62},
	number = {1},
	journal = {Theor.\ Chem.\ Acc.},
	author = {Etchebest, Catherine and Lavery, Richard and Pullman, Alberte},
	year = {1982},
	pages = {17--28}
}

@article{Stone.TheTheoryOfIntermolecularForces.1996,
    author    = "Stone, Anthony J.",
    journal   = "The Theory of Intermolecular Forces\textnormal{,}",
    year      = "\emph{\textnormal{Clarendon Press, Oxford}}, 1996",
}

@article{Szabo.Ostlund.ModernQuantumChemistry.1996,
    author    = "Szabo, Attila and Ostlund, Neil S. ",
    journal   = "Modern Quantum Chemistry: Introduction to Advanced Electronic Structure Theory\textnormal{,}",
    year      = "\emph{\textnormal{Mineola, N.Y., Dover Publications}}, 1996",
}

@article{Cook.HandbookOfComputationalQuantumChemistry.2005,
    author    = "Cook, David B.",
    journal   = "Handbook of Computational Quantum Chemistry\textnormal{,}",
    year      = "\emph{\textnormal{Mineola, N.Y., Dover Publications}}, 2005",
}


@article{Hayes.Stone.MolPhys.1984,
author = { I.C.   Hayes  and  A.J.   Stone },
title = {An intermolecular perturbation theory for the region of moderate overlap},
journal = {Molecular Physics},
volume = {53},
number = {1},
pages = {83-105},
year  = {1984},
doi = {10.1080/00268978400102151},
}

@misc{Gaussian16,
author={M. J. Frisch and G. W. Trucks and H. B. Schlegel and G. E. Scuseria and M. A. Robb and J. R. Cheeseman and G. Scalmani and V. Barone and G. A. Petersson and H. Nakatsuji and X. Li and M. Caricato and A. V. Marenich and J. Bloino and B. G. Janesko and R. Gomperts and B. Mennucci and H. P. Hratchian and J. V. Ortiz and A. F. Izmaylov and J. L. Sonnenberg and D. Williams-Young and F. Ding and F. Lipparini and F. Egidi and J. Goings and B. Peng and A. Petrone and T. Henderson and D. Ranasinghe and V. G. Zakrzewski and J. Gao and N. Rega and G. Zheng and W. Liang and M. Hada and M. Ehara and K. Toyota and R. Fukuda and J. Hasegawa and M. Ishida and T. Nakajima and Y. Honda and O. Kitao and H. Nakai and T. Vreven and K. Throssell and Montgomery, {Jr.}, J. A. and J. E. Peralta and F. Ogliaro and M. J. Bearpark and J. J. Heyd and E. N. Brothers and K. N. Kudin and V. N. Staroverov and T. A. Keith and R. Kobayashi and J. Normand and K. Raghavachari and A. P. Rendell and J. C. Burant and S. S. Iyengar and J. Tomasi and M. Cossi and J. M. Millam and M. Klene and C. Adamo and R. Cammi and J. W. Ochterski and R. L. Martin and K. Morokuma and O. Farkas and J. B. Foresman and D. J. Fox},
title={Gaussian˜16 {R}evision {C}.01},
year={2016},
note={Gaussian Inc. Wallingford CT}
} 

@article{Ghosh.JPCA.2017,
author = {Ghosh, Debashree},
title = {Hybrid Equation-of-Motion Coupled-Cluster/Effective Fragment Potential Method: {A} Route toward Understanding Photoprocesses in the Condensed Phase},
journal = "J.\ Phys.\ Chem.\ A",
volume = {121},
number = {4},
pages = {741-752},
year = {2017},
}


@article{Lewis.Gruenke.Oliver.Ballottari.Bassi.Fleming.JPCL.2016,
author = {Lewis, Nicholas H. C. and Gruenke, Natalie L. and Oliver, Thomas A. A. and Ballottari, Matteo and Bassi, Roberto and Fleming, Graham R.},
title = {Observation of Electronic Excitation Transfer Through Light Harvesting Complex {II} Using Two-Dimensional Electronic–Vibrational Spectroscopy},
journal = "J.\ Phys.\ Chem.\ Lett.",
volume = {7},
number = {20},
pages = {4197-4206},
year = {2016},
}

@article{Li.Netzloff.Gordon.JCP.2006,
author = {Li, Hui and Netzloff, Heather M. and Gordon, Mark S.},
title = {Gradients of the polarization energy in the effective fragment potential method},
journal = "J.\ Chem.\ Phys.",
volume = {125},
number = {19},
pages = {194103},
year = {2006},
}

@article{Xu.Guidez.Bertoni.Gordon.JCP.2018,
author = {Xu, Peng and Guidez, Emilie B. and Bertoni, Colleen and Gordon, Mark S. },
title = {Perspective: {Ab} initio force field methods derived from quantum mechanics},
journal = "J.\ Chem.\ Phys.",
volume = {148},
number = {9},
pages = {090901},
year = {2018},
}

@article{Gao.Truhlar.Wang.Mazack.Loffler.Provorse.Rehak.ACR.2014,
author = {Gao, Jiali and Truhlar, Donald G. and Wang, Yingjie and Mazack, Michael J. M. and L{\"o}ffler, Patrick and Provorse, Makenzie R. and Rehak, Pavel},
title = {Explicit Polarization: {A} Quantum Mechanical Framework for Developing Next Generation Force Fields},
journal = "Acc.\ Chem.\ Res.",
volume = {47},
number = {9},
pages = {2837-2845},
year = {2014},
}

@ARTICLE{Mukamel.Berman.JCP.2003,
author = {Mukamel, Shaul and Berman, Oleg},
title = {Self-consistent density matrix algorithm for electronic structure and excitations of molecules and aggregates},
journal = "J.\ Chem.\ Phys.",
volume = {119},
number = {23},
pages = {12194--12204},
year = {2003},
}

@ARTICLE{Ma.Politzer.JCP.2004,
author = {Ma, Yuguang and Politzer, Peter},
title = {Calculation of electrostatic and polarization energies from electron densities},
journal = "J.\ Chem.\ Phys.",
volume = {120},
number = {7},
pages = {3152--3157},
year = {2004},
}

@ARTICLE{Demerdash.Yap.T-Head-Gordon.AnnuRevPhysChem.2014,
author = {Demerdash, Omar and Yap, Eng-Hui and Head-Gordon, Teresa},
title = {Advanced Potential Energy Surfaces for Condensed Phase Simulation},
journal = "Annu.\ Rev.\ Phys.\ Chem.",
volume = {65},
number = {1},
pages = {149--174},
year = {2014},
}
    
@ARTICLE{Elliott.Burke.Cohen.Wasserman.PhysRevA.2010,
  title = {Partition density-functional theory},
  author = {Elliott, Peter and Burke, Kieron and Cohen, Morrel H. and Wasserman, Adam},
  journal = {Phys.\ Rev.\ A},
  volume = {82},
  issue = {2},
  pages = {024501},
  year = {2010},
}

@ARTICLE{Yang.Lee.JCP.1995,
author = {Yang, Weitao and Lee, Tai-Sung},
title = {A density-matrix divide-and-conquer approach for electronic structure calculations of large molecules},
journal = {J.\ Chem.\ Phys.},
volume = {103},
number = {13},
pages = {5674--5678},
year = {1995},
}

@ARTICLE{Hohenberg.Kohn.PhysRev.1964,
  title = {Inhomogeneous Electron Gas},
  author = {Hohenberg, P. and Kohn, W.},
  journal = {Phys.\ Rev.},
  volume = {136},
  issue = {3B},
  pages = {B864--B871},
  year = {1964},
}

@ARTICLE{Kohn.Sham.PhysRev.1965,
  title = {Self-Consistent Equations Including Exchange and Correlation Effects},
  author = {Kohn, W. and Sham, L. J.},
  journal = {Phys.\ Rev.},
  volume = {140},
  issue = {4A},
  pages = {A1133--A1138},
  year = {1965},
}


@ARTICLE{Xu.Blasiak.Cho.Layfield.Londergan.JPCL.2018,
author = {Xu, Rosalind
J. and B{\l}asiak, Bartosz and Cho, Minhaeng and Layfield, Joshua P. and Londergan, Casey H.},
title = {A Direct, Quantitative Connection between Molecular Dynamics Simulations and Vibrational Probe Line Shapes},
journal = {J.\ Phys.\ Chem.\ Lett.},
volume = {9},
number = {10},
pages = {2560--2567},
year = {2018},
}

@ARTICLE{Blasiak.Londergan.Webb.Cho.ACR.2017,
author = {B{\l}asiak, Bartosz and Londergan, Casey H. and Webb, Lauren J. and Cho, Minhaeng},
title = {Vibrational Probes: From Small Molecule Solvatochromism Theory and Experiments to Applications in Complex Systems},
journal = "Acc.\ Chem.\ Res.",
volume = {50},
number = {4},
pages = {968--976},
year = {2017},
}


@ARTICLE{List.Olsen.Kongsted.PCCP.2016,
author ="List, Nanna Holmgaard and Olsen, Jogvan Magnus Haugaard and Kongsted, Jacob",
title  ="Excited states in large molecular systems through polarizable embedding",
journal  = "Phys.\ Chem.\ Chem.\ Phys.",
year  ="2016",
volume  ="18",
issue  ="30",
pages  ="20234-20250",
}


@ARTICLE{Bednarska.Zalesny.Tian.Murugan.Agren.Bartkowiak.Molecules.2017,
AUTHOR = {Bednarska, Joanna and Zale{\'s}ny, Robert and Tian, Guangjun and Murugan, Natarajan Arul and {\AA}gren, Hans and Bartkowiak, Wojciech},
TITLE = {Nonempirical Simulations of Inhomogeneous Broadening of Electronic Transitions in Solution: Predicting Band Shapes in One- and Two-Photon Absorption Spectra of Chalcones},
JOURNAL = {Molecules},
VOLUME = {22},
YEAR = {2017},
NUMBER = {10},
pages = {1643},
}


@ARTICLE{Nguyen.Pachter.Day.JCP.2014,
   author = "Nguyen, Kiet A. and Pachter, Ruth and Day, Paul N.",
   title = "Density functional theory based generalized effective fragment potential method",
   journal = "J.\ Chem.\ Phys.",
   year = "2014",
   volume = "140",
   number = "24", 
   eid = 244101,
}

@ARTICLE{Gordon.Smith.Xu.Slipchenko.AnnuRevPhysChem.2013,
author = {Mark S. Gordon and Quentin A. Smith and Peng Xu and Lyudmila V. Slipchenko},
title = {Accurate First Principles Model Potentials for Intermolecular Interactions},
journal = "Annu.\ Rev.\ Phys.\ Chem.",
volume = {64},
number = {1},
pages = {553-578},
year = {2013},
}


@ARTICLE{Jedrzejewska.Grabarz.Bartkowiak.Osmialowski.SpectChimActA.2018,
title = "Spectral and physicochemical properties of difluoroboranyls containing N,N-dimethylamino group studied by solvatochromic methods",
journal = "Spectrochim.\ Acta\ A",
volume = "199",
pages = "86 - 95",
year = "2018",
author = "Beata Jedrzejewska and Anna Grabarz and Wojciech Bartkowiak and Borys O{\'s}mia{\l}owski",
}

@ARTICLE{Barbati.JACS.2014,
author = {Barbatti, Mario},
title = {Photorelaxation Induced by Water-Chromophore Electron Transfer},
journal = "J.\ Am.\ Chem.\ Soc.",
volume = {136},
number = {29},
pages = {10246-10249},
year = {2014},
}

@ARTICLE{Szabla.Sponer.Jiri.Gora.JPCL.2015,
author = {Szabla, Rafa{\l} and \v{S}poner, Ji\v{r}{\'i} and G{\'o}ra, Robert W.},
title = {Electron-Driven Proton Transfer Along {H2O} Wires Enables Photorelaxation of $\pi\sigma$* States in Chromophore-Water Clusters},
journal = "J.\ Phys.\ Chem.\ Lett.",
volume = {6},
number = {8},
pages = {1467-1471},
year = {2015},
}


@article{Jeziorski.Moszynski.Szalewicz.ChemRev.1994,
author = {Jeziorski, Bogumi{\l} and Moszy{\'n}ski, Robert and Szalewicz, Krzysztof},
title = {Perturbation Theory Approach to Intermolecular Potential Energy Surfaces of van der {Waals} Complexes},
journal = {Chem.\ Rev.},
volume = {94},
number = {7},
pages = {1887-1930},
year = {1994},
}


@ARTICLE{Hedegard.Reiher.JCTC.2016,
author = {Hedeg\r{a}rd, Erik D. and Reiher, Markus},
title = {Polarizable Embedding Density Matrix Renormalization Group},
journal = "J.\ Chem.\ Theory\ Comput.",
volume = {12},
number = {9},
pages = {4242-4253},
year = {2016},
} 


@ARTICLE{Tomasi.Mennucci.Cammi.ChemRev.2005,
author = {Tomasi, Jacopo and Mennucci, Benedetta and Cammi, Roberto},
title = {Quantum Mechanical Continuum Solvation Models},
journal = "Chem.\ Rev.",
volume = {105},
number = {8},
pages = {2999-3094},
year = {2005},
}


@ARTICLE{Senn.Thiel.Angew.2009,
author = "Senn, Hans Martin and Thiel, Walter",
title = "{QM/MM} Methods for Biomolecular Systems",
journal = "Angew.\ Chem.\ Int.\ Ed.",
volume = "48",
number = "7",
pages = "1198-1229",
year = "2009"
}


@ARTICLE{Warshel.Levitt.JMolBiol.1976,
title = "Theoretical studies of enzymic reactions: Dielectric, electrostatic and steric stabilization of the carbonium ion in the reaction of lysozyme",
journal = "J.\ Mol.\ Biol.",
volume = "103",
number = "2",
pages = "227 - 249",
year = "1976",
author = "A. Warshel and M. Levitt"
}

@ARTICLE{Gordon.Fedorov.Pruitt.Slipchenko.ChemRev.2012,
author = {Mark S. Gordon and Dmitri G. Fedorov and Spencer R. Pruitt and Lyudmila V. Slipchenko},
title = {Fragmentation Methods: A Route to Accurate Calculations on Large Systems},
journal = "Chem.\ Rev.",
volume = {112},
number = {1},
pages = {632-672},
year = {2012},
}


@ARTICLE{Piquemal.Cisneros.Reinhardt.Gresh.Darden.JCP.2006,
   author = "Piquemal, Jean-Philip and Cisneros, G. Andr{\'e}s and Reinhardt, Peter and Gresh, Nohad and Darden, Thomas A.",
   title = "Towards a force field based on density fitting",
   journal = "J.\ Chem.\ Phys.",
   year = "2006",
   volume = "124",
   number = "10", 
   eid = 104101,
}


@ARTICLE{Sun.Chan.ACR.2016,
author = {Sun, Qiming and Chan, Garnet Kin-Lic},
title = {Quantum Embedding Theories},
journal = {Acc.\ Chem.\ Res.},
volume = {49},
number = {12},
pages = {2705-2712},
year = {2016},
}

@article{Yang.PhysRevLett.1991,
  title = {Direct calculation of electron density in density-functional theory},
  author = {Yang, Weitao},
  journal = {Phys.\ Rev.\ Lett.},
  volume = {66},
  issue = {11},
  pages = {1438--1441},
  year = {1991},
}
@ARTICLE{Holas.March.PhysRevA.1991,
  title = {Construction of the {Pauli} potential, {Pauli} energy, and effective potential from the electron density},
  author = {Holas, A. and March, N. H.},
  journal = "Phys.\ Rev.\ A",
  volume = {44},
  issue = {9},
  pages = {5521--5536},
  year = {1991},
}

@ARTICLE{Mayer.IJQC.2002,
author = {Mayer, I.},
title = "On {L{\"o}wdin's} method of symmetric orthogonalization",
journal = "Int.\ J.\ Quantum\ Chem.",
volume = {90},
number = {1},
pages = {63-65},
year = {2002}
}

@ARTICLE{Boys.RevModPhys.1960,
  title = {Construction of Some Molecular Orbitals to Be Approximately Invariant for Changes from One Molecule to Another},
  author = {Boys, S. F.},
  journal = {Rev.\ Mod.\ Phys.},
  volume = {32},
  pages = {296--299},
  year = {1960},
  month = {Apr},
}


@ARTICLE{Blasiak.Cho.JCP.2014,
   author = "B{\l}asiak, Bartosz and Cho, Minhaeng",
   title = "Vibrational solvatochromism. {II}. {A} first-principle theory of solvation-induced vibrational frequency shift based on effective fragment potential method",
   journal = "J.\ Chem.\ Phys.",
   year = "2014",
   volume = "140",
   number = "16", 
   pages = "164107",
}

@ARTICLE{Psi4.2012,
author = {Turney, Justin M. and Simmonett, Andrew C. and Parrish, Robert M. and Hohenstein, Edward G. and Evangelista, Francesco A. and Fermann, Justin T. and Mintz, Benjamin J. and Burns, Lori A. and Wilke, Jeremiah J. and Abrams, Micah L. and Russ, Nicholas J. and Leininger, Matthew L. and Janssen, Curtis L. and Seidl, Edward T. and Allen, Wesley D. and Schaefer, Henry F. and King, Rollin A. and Valeev, Edward F. and Sherrill, C. David and Crawford, T. Daniel},
journal = {WIREs\ Comput.\ Mol.\ Sci.},
volume = {2},
number = {4},
pages = {556-565},
doi = {10.1002/wcms.93},
}

@ARTICLE{Psi4.JCTC.2017,
author = {Parrish, Robert M. and Burns, Lori A. and Smith, Daniel G. A. and Simmonett, Andrew C. and DePrince, III, A. Eugene and Hohenstein, Edward G. and Bozkaya, Uğur and Sokolov, Alexander Yu. and Di Remigio, Roberto and Richard, Ryan M. and Gonthier, Jérôme F. and James, Andrew M. and McAlexander, Harley R. and Kumar, Ashutosh and Saitow, Masaaki and Wang, Xiao and Pritchard, Benjamin P. and Verma, Prakash and Schaefer, III, Henry F. and Patkowski, Konrad and King, Rollin A. and Valeev, Edward F. and Evangelista, Francesco A. and Turney, Justin M. and Crawford, T. Daniel and Sherrill, C. David},
title = {Psi4 1.1: An Open-Source Electronic Structure Program Emphasizing Automation, Advanced Libraries, and Interoperability},
journal = {J.\ Chem.\ Theory Comput.},
volume = {13},
number = {7},
pages = {3185-3197},
year = {2017},
}

@ARTICLE{Reischl.Kofinger.Dellago.MolPhys.2009,
author = {Bernhard   Reischl  and  J{\"u}rgen   K{\"o}finger  and  Christoph   Dellago},
title = {The statistics of electric field fluctuations in liquid water},
journal = "Mol.\ Phys.",
volume = {107},
number = {4-6},
pages = {495-502},
year  = {2009},
doi = {10.1080/00268970902865493},
}

@ARTICLE{Fried.Wang.Boxer.Ren.Pande.JPCB.2013,
author = {Fried, Stephen D. and Wang, Lee-Ping and Boxer, Steven G. and Ren, Pengyu and Pande, Vijay S.},
title = {Calculations of the Electric Fields in Liquid Solutions},
journal = "J.\ Phys.\ Chem.\ B",
volume = {117},
number = {50},
pages = {16236-16248},
year = {2013},
}

@ARTICLE{Horn.Head-Gordon.JCP.2015,
   author = "Horn, Paul R. and Head-Gordon, Martin",
   title = "Polarization contributions to intermolecular interactions revisited with fragment electric-field response functions",
   journal = "J.\ Chem.\ Phys.",
   year = "2015",
   volume = "143",
   number = "11", 
   eid = 114111,
}

@ARTICLE{Horn.Yuezhi.Head-Gordon.JCP.2016,
   author = "Horn, Paul R. and Mao, Yuezhi and Head-Gordon, Martin",
   title = "Defining the contributions of permanent electrostatics, {Pauli} repulsion, and dispersion in density functional theory calculations of intermolecular interaction energies",
   journal = "J.\ Chem.\ Phys.",
   year = "2016",
   volume = "144",
   number = "11", 
   eid = 114107,
}


@ARTICLE{McWeeny.RevModPhys.1960,
   author = "R. McWeeny",
   year   = 1960,
   journal= "Rev.\ Mod.\ Phys.",
   volume = 32,
   pages  = 335,
   title = {Some Recent Advances in Density Matrix Theory},
}

@ARTICLE{Mandado.Hermida-Ramon.JCTC.2011,
author = {Marcos Mandado and Jos{\'e} M. Hermida-Ram{\'o}n},
title = {Electron Density Based Partitioning Scheme of Interaction Energies},
journal = "J.\ Chem.\ Theory Comput.",
volume = {7},
number = {3},
pages = {633--641},
year = {2011},
}


@ARTICLE{Dodds.McWeeney.Sadlej.MolPhys.1977,
author = {Janet L. Dodds and Roy McWeeny and Andrzej J. Sadlej},
title = {Self-consistent perturbation theory: {Generalization} for perturbation-dependent non-orthogonal basis set},
journal = "Mol.\ Phys.",
volume = {34},
number = {6},
pages = {1779-1791},
year  = {1977},
}


@ARTICLE{Roothaan.RevModPhys.1951,
  title = {New Developments in Molecular Orbital Theory},
  author = {Roothaan, C. C. J.},
  journal = "Rev.\ Mod.\ Phys.",
  volume = {23},
  issue = {2},
  pages = {69--89},
  year = {1951},
}
@ARTICLE{Krishnan.Binkley.Seeger.Pople.JCP.1980,
   author = "Krishnan, R. and Binkley, J. S. and Seeger, R. and Pople, J. A.",
   title = "Self-consistent molecular orbital methods. {XX}. {A} basis set for correlated wave functions",
   journal = "J.\ Chem.\ Phys.",
   year = "1980",
   volume = "72",
   number = "1", 
   pages = "650-654",
}


@ARTICLE{Boyd.JEngMath.2006,
   author = "J. P. Boyd",
   year   = 2006,
   journal= "J.\ Eng.\ Math.",
   volume = 56,
   pages  = 203,
}
